@inproceedings{veanes2010qex,
  title={Qex: Symbolic SQL query explorer},
  author={Veanes, Margus and Tillmann, Nikolai and De Halleux, Jonathan},
  booktitle={Logic for Programming, Artificial Intelligence, and Reasoning},
  pages={425--446},
  year={2010},
  organization={Springer}
}

@incollection{veanes2009symbolic,
  title={Symbolic query exploration},
  author={Veanes, Margus and Grigorenko, Pavel and De Halleux, Peli and Tillmann, Nikolai},
  booktitle={Formal Methods and Software Engineering},
  pages={49--68},
  year={2009},
  publisher={Springer}
}

@inproceedings{chirkova2009equivalence,
  title={Equivalence of SQL queries in presence of embedded dependencies},
  author={Chirkova, Rada and Genesereth, Michael R},
  booktitle={Proceedings of the twenty-eighth ACM SIGMOD-SIGACT-SIGART symposium on Principles of database systems},
  pages={217--226},
  year={2009},
  organization={ACM}
}

@article{Chakravarthy:1990:LAS:78922.78924,
 author = {Chakravarthy, Upen S. and Grant, John and Minker, Jack},
 title = {Logic-based Approach to Semantic Query Optimization},
 journal = {ACM Trans. Database Syst.},
 issue_date = {June 1990},
 volume = {15},
 number = {2},
 month = jun,
 year = {1990},
 issn = {0362-5915},
 pages = {162--207},
 numpages = {46},
 url = {http://doi.acm.org/10.1145/78922.78924},
 doi = {10.1145/78922.78924},
 acmid = {78924},
 publisher = {ACM},
 address = {New York, NY, USA},
} 
