@inproceedings{MalechaMSW10POPL,
  author    = {J. Gregory Malecha and
               Greg Morrisett and
               Avraham Shinnar and
               Ryan Wisnesky},
  title     = {Toward a verified relational database management system},
  booktitle = {Proceedings of the 37th {ACM} {SIGPLAN-SIGACT} Symposium on Principles
               of Programming Languages, {POPL} 2010, Madrid, Spain, January 17-23,
               2010},
  pages     = {237--248},
  year      = {2010}
}


@inproceedings{VeanesTH10LAPR16,
  author    = {Margus Veanes and
               Nikolai Tillmann and
               Jonathan de Halleux},
  title     = {Qex: Symbolic {SQL} Query Explorer},
  booktitle = {Logic for Programming, Artificial Intelligence, and Reasoning - 16th
               International Conference, LPAR-16, Dakar, Senegal, April 25-May 1,
               2010, Revised Selected Papers},
  pages     = {425--446},
  year      = {2010}
}

@article{comp_syntax,
  author    = {Peter Buneman and
               Leonid Libkin and
               Dan Suciu and
               Val Tannen and
               Limsoon Wong},
  title     = {Comprehension Syntax},
  journal   = {{SIGMOD} Record},
  volume    = {23},
  number    = {1},
  pages     = {87--96},
  year      = {1994}
}


@inproceedings{Chaudhuri98PODS,
  author    = {Surajit Chaudhuri},
  title     = {An Overview of Query Optimization in Relational Systems},
  booktitle = {Proceedings of the Seventeenth {ACM} {SIGACT-SIGMOD-SIGART} Symposium
               on Principles of Database Systems, June 1-3, 1998, Seattle, Washington,
               {USA}},
  pages     = {34--43},
  year      = {1998}
}

@inproceedings{rosette,
  author    = {Emina Torlak and
               Rastislav Bod{\'{\i}}k},
  title     = {A lightweight symbolic virtual machine for solver-aided host languages},
  booktitle = {{ACM} {SIGPLAN} Conference on Programming Language Design and Implementation,
               {PLDI} '14, Edinburgh, United Kingdom - June 09 - 11, 2014},
  pages     = {54},
  year      = {2014}
}